<record><leader>00000cas a22000007a 4500</leader><controlfield tag="001">29287593</controlfield><controlfield tag="008">931109d191819uumsuwr ne      0    0eng d</controlfield><datafield ind1=" " ind2=" " tag="010"><subfield code="a">sn 93065648 </subfield></datafield><datafield ind1=" " ind2=" " tag="040"><subfield code="a">NVJ</subfield><subfield code="b">eng</subfield><subfield code="c">NVJ</subfield><subfield code="d">OCLCQ</subfield></datafield><datafield ind1=" " ind2=" " tag="042"><subfield code="a">msc</subfield></datafield><datafield ind1="0" ind2="4" tag="245"><subfield code="a">The Advance-dispatch.</subfield></datafield><datafield ind1=" " ind2=" " tag="260"><subfield code="a">Mound-Bayou, Miss. :</subfield><subfield code="b">A.A. Cosey</subfield></datafield><datafield ind1=" " ind2=" " tag="300"><subfield code="a">v.</subfield></datafield><datafield ind1=" " ind2=" " tag="310"><subfield code="a">Weekly</subfield></datafield><datafield ind1="1" ind2=" " tag="362"><subfield code="a">Began in 1918.</subfield></datafield><datafield ind1=" " ind2=" " tag="550"><subfield code="a">Official organ of the General Baptist Convention of Mississippi.</subfield></datafield><datafield ind1=" " ind2=" " tag="588"><subfield code="a">Description based on: Vol. 9, no. 4 (June 15, 1923).</subfield></datafield><datafield ind1=" " ind2=" " tag="752"><subfield code="a">United States</subfield><subfield code="b">Mississippi</subfield><subfield code="c">Bolivar</subfield><subfield code="d">Mound Bayou.</subfield></datafield><datafield ind1="0" ind2="4" tag="780"><subfield code="t">News-dispatch</subfield></datafield><datafield ind1="0" ind2="4" tag="780"><subfield code="t">Advance</subfield></datafield></record>